%YAML 1.1
%TAG !u! tag:unity3d.com,2011:
--- !u!1 &100264
GameObject:
  m_ObjectHideFlags: 1
  m_PrefabParentObject: {fileID: 0}
  m_PrefabInternal: {fileID: 100100000}
  serializedVersion: 4
  m_Component:
  - 4: {fileID: 437146}
  m_Layer: 0
  m_Name: Noha.R_end
  m_TagString: Untagged
  m_Icon: {fileID: 0}
  m_NavMeshLayer: 0
  m_StaticEditorFlags: 0
  m_IsActive: 1
--- !u!1 &101360
GameObject:
  m_ObjectHideFlags: 1
  m_PrefabParentObject: {fileID: 0}
  m_PrefabInternal: {fileID: 100100000}
  serializedVersion: 4
  m_Component:
  - 4: {fileID: 425050}
  m_Layer: 0
  m_Name: Plece.R
  m_TagString: Untagged
  m_Icon: {fileID: 0}
  m_NavMeshLayer: 0
  m_StaticEditorFlags: 0
  m_IsActive: 1
--- !u!1 &104974
GameObject:
  m_ObjectHideFlags: 0
  m_PrefabParentObject: {fileID: 0}
  m_PrefabInternal: {fileID: 100100000}
  serializedVersion: 4
  m_Component:
  - 4: {fileID: 455858}
  - 65: {fileID: 6502888}
  - 114: {fileID: 11454678}
  m_Layer: 0
  m_Name: Head
  m_TagString: Untagged
  m_Icon: {fileID: 0}
  m_NavMeshLayer: 0
  m_StaticEditorFlags: 0
  m_IsActive: 1
--- !u!1 &110182
GameObject:
  m_ObjectHideFlags: 1
  m_PrefabParentObject: {fileID: 0}
  m_PrefabInternal: {fileID: 100100000}
  serializedVersion: 4
  m_Component:
  - 4: {fileID: 419700}
  m_Layer: 0
  m_Name: Brucho
  m_TagString: Untagged
  m_Icon: {fileID: 0}
  m_NavMeshLayer: 0
  m_StaticEditorFlags: 0
  m_IsActive: 1
--- !u!1 &115542
GameObject:
  m_ObjectHideFlags: 1
  m_PrefabParentObject: {fileID: 0}
  m_PrefabInternal: {fileID: 100100000}
  serializedVersion: 4
  m_Component:
  - 4: {fileID: 474382}
  m_Layer: 0
  m_Name: Root
  m_TagString: Untagged
  m_Icon: {fileID: 0}
  m_NavMeshLayer: 0
  m_StaticEditorFlags: 0
  m_IsActive: 1
--- !u!1 &116068
GameObject:
  m_ObjectHideFlags: 1
  m_PrefabParentObject: {fileID: 0}
  m_PrefabInternal: {fileID: 100100000}
  serializedVersion: 4
  m_Component:
  - 4: {fileID: 409618}
  m_Layer: 0
  m_Name: Noha.L
  m_TagString: Untagged
  m_Icon: {fileID: 0}
  m_NavMeshLayer: 0
  m_StaticEditorFlags: 0
  m_IsActive: 1
--- !u!1 &119326
GameObject:
  m_ObjectHideFlags: 1
  m_PrefabParentObject: {fileID: 0}
  m_PrefabInternal: {fileID: 100100000}
  serializedVersion: 4
  m_Component:
  - 4: {fileID: 429158}
  - 33: {fileID: 3390336}
  - 23: {fileID: 2347556}
  m_Layer: 0
  m_Name: Bag (1)
  m_TagString: Untagged
  m_Icon: {fileID: 0}
  m_NavMeshLayer: 0
  m_StaticEditorFlags: 0
  m_IsActive: 1
--- !u!1 &119916
GameObject:
  m_ObjectHideFlags: 1
  m_PrefabParentObject: {fileID: 0}
  m_PrefabInternal: {fileID: 100100000}
  serializedVersion: 4
  m_Component:
  - 4: {fileID: 433532}
  m_Layer: 0
  m_Name: Lytko.L
  m_TagString: Untagged
  m_Icon: {fileID: 0}
  m_NavMeshLayer: 0
  m_StaticEditorFlags: 0
  m_IsActive: 1
--- !u!1 &122932
GameObject:
  m_ObjectHideFlags: 0
  m_PrefabParentObject: {fileID: 0}
  m_PrefabInternal: {fileID: 100100000}
  serializedVersion: 4
  m_Component:
  - 4: {fileID: 449006}
  - 95: {fileID: 9572014}
  - 195: {fileID: 19538534}
  - 114: {fileID: 11422724}
  - 114: {fileID: 11483156}
  - 114: {fileID: 11447800}
  - 82: {fileID: 8233636}
  - 114: {fileID: 11404372}
  - 82: {fileID: 8226654}
  m_Layer: 0
  m_Name: Bandit FFFG Chase
  m_TagString: Untagged
  m_Icon: {fileID: 0}
  m_NavMeshLayer: 0
  m_StaticEditorFlags: 0
  m_IsActive: 1
--- !u!1 &124958
GameObject:
  m_ObjectHideFlags: 1
  m_PrefabParentObject: {fileID: 0}
  m_PrefabInternal: {fileID: 100100000}
  serializedVersion: 4
  m_Component:
  - 4: {fileID: 410272}
  m_Layer: 0
  m_Name: Stehno.R
  m_TagString: Untagged
  m_Icon: {fileID: 0}
  m_NavMeshLayer: 0
  m_StaticEditorFlags: 0
  m_IsActive: 1
--- !u!1 &135404
GameObject:
  m_ObjectHideFlags: 1
  m_PrefabParentObject: {fileID: 0}
  m_PrefabInternal: {fileID: 100100000}
  serializedVersion: 4
  m_Component:
  - 4: {fileID: 494722}
  m_Layer: 0
  m_Name: Laket.R
  m_TagString: Untagged
  m_Icon: {fileID: 0}
  m_NavMeshLayer: 0
  m_StaticEditorFlags: 0
  m_IsActive: 1
--- !u!1 &136272
GameObject:
  m_ObjectHideFlags: 1
  m_PrefabParentObject: {fileID: 0}
  m_PrefabInternal: {fileID: 100100000}
  serializedVersion: 4
  m_Component:
  - 4: {fileID: 418810}
  - 33: {fileID: 3374648}
  - 23: {fileID: 2338100}
  m_Layer: 0
  m_Name: Helmet (1)
  m_TagString: Untagged
  m_Icon: {fileID: 0}
  m_NavMeshLayer: 0
  m_StaticEditorFlags: 0
  m_IsActive: 1
--- !u!1 &137096
GameObject:
  m_ObjectHideFlags: 1
  m_PrefabParentObject: {fileID: 0}
  m_PrefabInternal: {fileID: 100100000}
  serializedVersion: 4
  m_Component:
  - 4: {fileID: 474208}
  m_Layer: 0
  m_Name: Laket.L
  m_TagString: Untagged
  m_Icon: {fileID: 0}
  m_NavMeshLayer: 0
  m_StaticEditorFlags: 0
  m_IsActive: 1
--- !u!1 &138902
GameObject:
  m_ObjectHideFlags: 1
  m_PrefabParentObject: {fileID: 0}
  m_PrefabInternal: {fileID: 100100000}
  serializedVersion: 4
  m_Component:
  - 4: {fileID: 400958}
  m_Layer: 0
  m_Name: Plece.L
  m_TagString: Untagged
  m_Icon: {fileID: 0}
  m_NavMeshLayer: 0
  m_StaticEditorFlags: 0
  m_IsActive: 1
--- !u!1 &140470
GameObject:
  m_ObjectHideFlags: 1
  m_PrefabParentObject: {fileID: 0}
  m_PrefabInternal: {fileID: 100100000}
  serializedVersion: 4
  m_Component:
  - 4: {fileID: 421104}
  m_Layer: 0
  m_Name: Noha.R
  m_TagString: Untagged
  m_Icon: {fileID: 0}
  m_NavMeshLayer: 0
  m_StaticEditorFlags: 0
  m_IsActive: 1
--- !u!1 &141108
GameObject:
  m_ObjectHideFlags: 1
  m_PrefabParentObject: {fileID: 0}
  m_PrefabInternal: {fileID: 100100000}
  serializedVersion: 4
  m_Component:
  - 4: {fileID: 412218}
  m_Layer: 0
  m_Name: Krk
  m_TagString: Untagged
  m_Icon: {fileID: 0}
  m_NavMeshLayer: 0
  m_StaticEditorFlags: 0
  m_IsActive: 1
--- !u!1 &141882
GameObject:
  m_ObjectHideFlags: 0
  m_PrefabParentObject: {fileID: 0}
  m_PrefabInternal: {fileID: 100100000}
  serializedVersion: 4
  m_Component:
  - 4: {fileID: 403530}
  - 137: {fileID: 13742802}
  m_Layer: 0
  m_Name: Bandit
  m_TagString: Untagged
  m_Icon: {fileID: 0}
  m_NavMeshLayer: 0
  m_StaticEditorFlags: 0
  m_IsActive: 1
--- !u!1 &142020
GameObject:
  m_ObjectHideFlags: 0
  m_PrefabParentObject: {fileID: 0}
  m_PrefabInternal: {fileID: 100100000}
  serializedVersion: 4
  m_Component:
  - 4: {fileID: 477144}
  - 65: {fileID: 6517042}
  - 114: {fileID: 11407468}
  m_Layer: 0
  m_Name: Body
  m_TagString: Untagged
  m_Icon: {fileID: 0}
  m_NavMeshLayer: 0
  m_StaticEditorFlags: 0
  m_IsActive: 1
--- !u!1 &142396
GameObject:
  m_ObjectHideFlags: 0
  m_PrefabParentObject: {fileID: 0}
  m_PrefabInternal: {fileID: 100100000}
  serializedVersion: 4
  m_Component:
  - 4: {fileID: 493632}
  m_Layer: 0
  m_Name: PojectileOrigin
  m_TagString: Untagged
  m_Icon: {fileID: 0}
  m_NavMeshLayer: 0
  m_StaticEditorFlags: 0
  m_IsActive: 1
--- !u!1 &142758
GameObject:
  m_ObjectHideFlags: 1
  m_PrefabParentObject: {fileID: 0}
  m_PrefabInternal: {fileID: 100100000}
  serializedVersion: 4
  m_Component:
  - 4: {fileID: 410870}
  m_Layer: 0
  m_Name: Stehno.L
  m_TagString: Untagged
  m_Icon: {fileID: 0}
  m_NavMeshLayer: 0
  m_StaticEditorFlags: 0
  m_IsActive: 1
--- !u!1 &143324
GameObject:
  m_ObjectHideFlags: 1
  m_PrefabParentObject: {fileID: 0}
  m_PrefabInternal: {fileID: 100100000}
  serializedVersion: 4
  m_Component:
  - 4: {fileID: 448508}
  m_Layer: 0
  m_Name: Noha.L_end
  m_TagString: Untagged
  m_Icon: {fileID: 0}
  m_NavMeshLayer: 0
  m_StaticEditorFlags: 0
  m_IsActive: 1
--- !u!1 &147994
GameObject:
  m_ObjectHideFlags: 1
  m_PrefabParentObject: {fileID: 0}
  m_PrefabInternal: {fileID: 100100000}
  serializedVersion: 4
  m_Component:
  - 4: {fileID: 490968}
  m_Layer: 0
  m_Name: Prsia
  m_TagString: Untagged
  m_Icon: {fileID: 0}
  m_NavMeshLayer: 0
  m_StaticEditorFlags: 0
  m_IsActive: 1
--- !u!1 &149982
GameObject:
  m_ObjectHideFlags: 1
  m_PrefabParentObject: {fileID: 0}
  m_PrefabInternal: {fileID: 100100000}
  serializedVersion: 4
  m_Component:
  - 4: {fileID: 455406}
  m_Layer: 0
  m_Name: Ruka.L_end
  m_TagString: Untagged
  m_Icon: {fileID: 0}
  m_NavMeshLayer: 0
  m_StaticEditorFlags: 0
  m_IsActive: 1
--- !u!1 &151268
GameObject:
  m_ObjectHideFlags: 1
  m_PrefabParentObject: {fileID: 0}
  m_PrefabInternal: {fileID: 100100000}
  serializedVersion: 4
  m_Component:
  - 4: {fileID: 439300}
  - 33: {fileID: 3306250}
  - 23: {fileID: 2319324}
  m_Layer: 10
  m_Name: FFFG
  m_TagString: Untagged
  m_Icon: {fileID: 0}
  m_NavMeshLayer: 0
  m_StaticEditorFlags: 0
  m_IsActive: 1
--- !u!1 &155764
GameObject:
  m_ObjectHideFlags: 1
  m_PrefabParentObject: {fileID: 0}
  m_PrefabInternal: {fileID: 100100000}
  serializedVersion: 4
  m_Component:
  - 4: {fileID: 489116}
  m_Layer: 0
  m_Name: Weapon_end
  m_TagString: Untagged
  m_Icon: {fileID: 0}
  m_NavMeshLayer: 0
  m_StaticEditorFlags: 0
  m_IsActive: 1
--- !u!1 &158730
GameObject:
  m_ObjectHideFlags: 1
  m_PrefabParentObject: {fileID: 0}
  m_PrefabInternal: {fileID: 100100000}
  serializedVersion: 4
  m_Component:
  - 4: {fileID: 412344}
  m_Layer: 0
  m_Name: Rameno.R
  m_TagString: Untagged
  m_Icon: {fileID: 0}
  m_NavMeshLayer: 0
  m_StaticEditorFlags: 0
  m_IsActive: 1
--- !u!1 &162812
GameObject:
  m_ObjectHideFlags: 1
  m_PrefabParentObject: {fileID: 0}
  m_PrefabInternal: {fileID: 100100000}
  serializedVersion: 4
  m_Component:
  - 4: {fileID: 472480}
  m_Layer: 0
  m_Name: Rameno.L
  m_TagString: Untagged
  m_Icon: {fileID: 0}
  m_NavMeshLayer: 0
  m_StaticEditorFlags: 0
  m_IsActive: 1
--- !u!1 &166248
GameObject:
  m_ObjectHideFlags: 0
  m_PrefabParentObject: {fileID: 0}
  m_PrefabInternal: {fileID: 100100000}
  serializedVersion: 4
  m_Component:
  - 4: {fileID: 496650}
  m_Layer: 0
  m_Name: Armature
  m_TagString: Untagged
  m_Icon: {fileID: 0}
  m_NavMeshLayer: 0
  m_StaticEditorFlags: 0
  m_IsActive: 1
--- !u!1 &166720
GameObject:
  m_ObjectHideFlags: 1
  m_PrefabParentObject: {fileID: 0}
  m_PrefabInternal: {fileID: 100100000}
  serializedVersion: 4
  m_Component:
  - 4: {fileID: 448578}
  m_Layer: 0
  m_Name: Pata.R
  m_TagString: Untagged
  m_Icon: {fileID: 0}
  m_NavMeshLayer: 0
  m_StaticEditorFlags: 0
  m_IsActive: 1
--- !u!1 &170540
GameObject:
  m_ObjectHideFlags: 1
  m_PrefabParentObject: {fileID: 0}
  m_PrefabInternal: {fileID: 100100000}
  serializedVersion: 4
  m_Component:
  - 4: {fileID: 472336}
  m_Layer: 0
  m_Name: Telo
  m_TagString: Untagged
  m_Icon: {fileID: 0}
  m_NavMeshLayer: 0
  m_StaticEditorFlags: 0
  m_IsActive: 1
--- !u!1 &179560
GameObject:
  m_ObjectHideFlags: 1
  m_PrefabParentObject: {fileID: 0}
  m_PrefabInternal: {fileID: 100100000}
  serializedVersion: 4
  m_Component:
  - 4: {fileID: 440788}
  m_Layer: 0
  m_Name: Ruka.L
  m_TagString: Untagged
  m_Icon: {fileID: 0}
  m_NavMeshLayer: 0
  m_StaticEditorFlags: 0
  m_IsActive: 1
--- !u!1 &181364
GameObject:
  m_ObjectHideFlags: 0
  m_PrefabParentObject: {fileID: 0}
  m_PrefabInternal: {fileID: 100100000}
  serializedVersion: 4
  m_Component:
  - 4: {fileID: 416058}
  - 136: {fileID: 13694612}
  m_Layer: 11
  m_Name: MovementBlock
  m_TagString: Untagged
  m_Icon: {fileID: 0}
  m_NavMeshLayer: 0
  m_StaticEditorFlags: 0
  m_IsActive: 1
--- !u!1 &184248
GameObject:
  m_ObjectHideFlags: 1
  m_PrefabParentObject: {fileID: 0}
  m_PrefabInternal: {fileID: 100100000}
  serializedVersion: 4
  m_Component:
  - 4: {fileID: 415606}
  m_Layer: 0
  m_Name: Hlava
  m_TagString: Untagged
  m_Icon: {fileID: 0}
  m_NavMeshLayer: 0
  m_StaticEditorFlags: 0
  m_IsActive: 1
--- !u!1 &188884
GameObject:
  m_ObjectHideFlags: 1
  m_PrefabParentObject: {fileID: 0}
  m_PrefabInternal: {fileID: 100100000}
  serializedVersion: 4
  m_Component:
  - 4: {fileID: 425434}
  m_Layer: 0
  m_Name: Pata.L
  m_TagString: Untagged
  m_Icon: {fileID: 0}
  m_NavMeshLayer: 0
  m_StaticEditorFlags: 0
  m_IsActive: 1
--- !u!1 &192142
GameObject:
  m_ObjectHideFlags: 1
  m_PrefabParentObject: {fileID: 0}
  m_PrefabInternal: {fileID: 100100000}
  serializedVersion: 4
  m_Component:
  - 4: {fileID: 452968}
  m_Layer: 0
  m_Name: Lytko.R
  m_TagString: Untagged
  m_Icon: {fileID: 0}
  m_NavMeshLayer: 0
  m_StaticEditorFlags: 0
  m_IsActive: 1
--- !u!1 &193884
GameObject:
  m_ObjectHideFlags: 1
  m_PrefabParentObject: {fileID: 0}
  m_PrefabInternal: {fileID: 100100000}
  serializedVersion: 4
  m_Component:
  - 4: {fileID: 492746}
  m_Layer: 0
  m_Name: Weapon
  m_TagString: Untagged
  m_Icon: {fileID: 0}
  m_NavMeshLayer: 0
  m_StaticEditorFlags: 0
  m_IsActive: 1
--- !u!1 &197130
GameObject:
  m_ObjectHideFlags: 1
  m_PrefabParentObject: {fileID: 0}
  m_PrefabInternal: {fileID: 100100000}
  serializedVersion: 4
  m_Component:
  - 4: {fileID: 416428}
  m_Layer: 0
  m_Name: Hlava_end
  m_TagString: Untagged
  m_Icon: {fileID: 0}
  m_NavMeshLayer: 0
  m_StaticEditorFlags: 0
  m_IsActive: 1
--- !u!1 &199056
GameObject:
  m_ObjectHideFlags: 1
  m_PrefabParentObject: {fileID: 0}
  m_PrefabInternal: {fileID: 100100000}
  serializedVersion: 4
  m_Component:
  - 4: {fileID: 473362}
  m_Layer: 0
  m_Name: Ruka.R
  m_TagString: Untagged
  m_Icon: {fileID: 0}
  m_NavMeshLayer: 0
  m_StaticEditorFlags: 0
  m_IsActive: 1
--- !u!4 &400958
Transform:
  m_ObjectHideFlags: 1
  m_PrefabParentObject: {fileID: 0}
  m_PrefabInternal: {fileID: 100100000}
  m_GameObject: {fileID: 138902}
  m_LocalRotation: {x: -0.05728108, y: 0.62813544, z: 0.7038829, w: 0.32667056}
  m_LocalPosition: {x: -0.0000000012670067, y: 0.0018609671, z: 1.0639915e-11}
  m_LocalScale: {x: 0.99999976, y: 0.99999994, z: 0.9999998}
  m_LocalEulerAnglesHint: {x: -67.1747, y: 58.2155, z: 89.625496}
  m_Children:
  - {fileID: 474208}
  m_Father: {fileID: 472480}
  m_RootOrder: 0
--- !u!4 &403530
Transform:
  m_ObjectHideFlags: 1
  m_PrefabParentObject: {fileID: 0}
  m_PrefabInternal: {fileID: 100100000}
  m_GameObject: {fileID: 141882}
  m_LocalRotation: {x: -0.7071068, y: 0, z: -0, w: 0.7071067}
  m_LocalPosition: {x: 0, y: 0, z: 0}
  m_LocalScale: {x: 100, y: 100.00001, z: 100.00001}
  m_LocalEulerAnglesHint: {x: -89.980194, y: 0, z: 0}
  m_Children: []
  m_Father: {fileID: 449006}
  m_RootOrder: 2
--- !u!4 &409618
Transform:
  m_ObjectHideFlags: 1
  m_PrefabParentObject: {fileID: 0}
  m_PrefabInternal: {fileID: 100100000}
  m_GameObject: {fileID: 116068}
  m_LocalRotation: {x: 0.4370051, y: 0.010179616, z: 0.1349584, w: 0.88921833}
  m_LocalPosition: {x: -1.9441358e-10, y: 0.0011636333, z: 4.6520652e-11}
  m_LocalScale: {x: 0.99999994, y: 1, z: 0.99999994}
  m_LocalEulerAnglesHint: {x: 50.754097, y: 12.4192, z: 23.1689}
  m_Children:
  - {fileID: 448508}
  m_Father: {fileID: 425434}
  m_RootOrder: 0
--- !u!4 &410272
Transform:
  m_ObjectHideFlags: 1
  m_PrefabParentObject: {fileID: 0}
  m_PrefabInternal: {fileID: 100100000}
  m_GameObject: {fileID: 124958}
  m_LocalRotation: {x: -0.0056398134, y: -0.074947394, z: 0.99671024, w: -0.030328197}
  m_LocalPosition: {x: 0.0014823287, y: -0.0005191814, z: 0.0001707884}
  m_LocalScale: {x: 1.0000337, y: 1.0000002, z: 1.0000042}
  m_LocalEulerAnglesHint: {x: 8.612013, y: 359.6105, z: 183.44698}
  m_Children:
  - {fileID: 452968}
  m_Father: {fileID: 472336}
  m_RootOrder: 2
--- !u!4 &410870
Transform:
  m_ObjectHideFlags: 1
  m_PrefabParentObject: {fileID: 0}
  m_PrefabInternal: {fileID: 100100000}
  m_GameObject: {fileID: 142758}
  m_LocalRotation: {x: -0.009462149, y: 0.20182133, z: 0.9789363, w: 0.029366354}
  m_LocalPosition: {x: -0.0014823287, y: -0.0005191814, z: 0.0001707884}
  m_LocalScale: {x: 1.0000346, y: 1.0000002, z: 1.0000033}
  m_LocalEulerAnglesHint: {x: 336.6906, y: 359.58374, z: 176.64934}
  m_Children:
  - {fileID: 433532}
  m_Father: {fileID: 472336}
  m_RootOrder: 1
--- !u!4 &412218
Transform:
  m_ObjectHideFlags: 1
  m_PrefabParentObject: {fileID: 0}
  m_PrefabInternal: {fileID: 100100000}
  m_GameObject: {fileID: 141108}
  m_LocalRotation: {x: 0.10806371, y: -2.1575373e-14, z: -1.2283915e-15, w: 0.994144}
  m_LocalPosition: {x: -7.451099e-24, y: 0.0035592245, z: 7.276568e-11}
  m_LocalScale: {x: 1, y: 1, z: 1}
  m_LocalEulerAnglesHint: {x: 12.407792, y: -2.5322181e-12, z: -4.168447e-13}
  m_Children:
  - {fileID: 415606}
  m_Father: {fileID: 490968}
  m_RootOrder: 0
--- !u!4 &412344
Transform:
  m_ObjectHideFlags: 1
  m_PrefabParentObject: {fileID: 0}
  m_PrefabInternal: {fileID: 100100000}
  m_GameObject: {fileID: 158730}
  m_LocalRotation: {x: 0.06460161, y: 0.08662892, z: -0.796947, w: 0.59430426}
  m_LocalPosition: {x: 0.0010939928, y: 0.0034201469, z: -0.000628538}
  m_LocalScale: {x: 0.9999999, y: 0.99999994, z: 0.99999994}
  m_LocalEulerAnglesHint: {x: 12.407509, y: -0.0000139870635, z: 253.42572}
  m_Children:
  - {fileID: 425050}
  m_Father: {fileID: 490968}
  m_RootOrder: 2
--- !u!4 &415606
Transform:
  m_ObjectHideFlags: 1
  m_PrefabParentObject: {fileID: 0}
  m_PrefabInternal: {fileID: 100100000}
  m_GameObject: {fileID: 184248}
  m_LocalRotation: {x: 0, y: -0, z: -2.1175824e-22, w: 1}
  m_LocalPosition: {x: -9.051266e-25, y: 0.0013209176, z: 0}
  m_LocalScale: {x: 1, y: 1, z: 1}
  m_LocalEulerAnglesHint: {x: 360, y: 0, z: 0}
  m_Children:
  - {fileID: 416428}
  - {fileID: 418810}
  m_Father: {fileID: 412218}
  m_RootOrder: 0
--- !u!4 &416058
Transform:
  m_ObjectHideFlags: 1
  m_PrefabParentObject: {fileID: 0}
  m_PrefabInternal: {fileID: 100100000}
  m_GameObject: {fileID: 181364}
  m_LocalRotation: {x: 0, y: 0, z: 0, w: 1}
  m_LocalPosition: {x: 0, y: 0, z: 0}
  m_LocalScale: {x: 1, y: 1, z: 1}
  m_LocalEulerAnglesHint: {x: 0, y: 0, z: 0}
  m_Children: []
  m_Father: {fileID: 449006}
  m_RootOrder: 5
--- !u!4 &416428
Transform:
  m_ObjectHideFlags: 1
  m_PrefabParentObject: {fileID: 0}
  m_PrefabInternal: {fileID: 100100000}
  m_GameObject: {fileID: 197130}
  m_LocalRotation: {x: 0, y: 0, z: 0, w: 1}
  m_LocalPosition: {x: -0, y: 0.0031748365, z: 0}
  m_LocalScale: {x: 1, y: 1, z: 1}
  m_LocalEulerAnglesHint: {x: 0, y: 0, z: 0}
  m_Children: []
  m_Father: {fileID: 415606}
  m_RootOrder: 0
--- !u!4 &418810
Transform:
  m_ObjectHideFlags: 1
  m_PrefabParentObject: {fileID: 0}
  m_PrefabInternal: {fileID: 100100000}
  m_GameObject: {fileID: 136272}
  m_LocalRotation: {x: -0.70710695, y: -0.000000007399761, z: 0, w: 0.70710665}
  m_LocalPosition: {x: 0, y: 0.00036998407, z: 0}
  m_LocalScale: {x: 0.20000014, y: 0.2000001, z: 0.20000005}
  m_LocalEulerAnglesHint: {x: -90, y: 0, z: 0}
  m_Children: []
  m_Father: {fileID: 415606}
  m_RootOrder: 1
--- !u!4 &419700
Transform:
  m_ObjectHideFlags: 1
  m_PrefabParentObject: {fileID: 0}
  m_PrefabInternal: {fileID: 100100000}
  m_GameObject: {fileID: 110182}
  m_LocalRotation: {x: -0.036180228, y: -0.00000011913126, z: 0.0000000043130095,
    w: 0.9993453}
  m_LocalPosition: {x: -3.1763735e-24, y: 0.002520964, z: 7.4505804e-11}
  m_LocalScale: {x: 1, y: 0.99999994, z: 1}
  m_LocalEulerAnglesHint: {x: 355.85318, y: 0, z: 0}
  m_Children:
  - {fileID: 429158}
  - {fileID: 490968}
  m_Father: {fileID: 472336}
  m_RootOrder: 0
--- !u!4 &421104
Transform:
  m_ObjectHideFlags: 1
  m_PrefabParentObject: {fileID: 0}
  m_PrefabInternal: {fileID: 100100000}
  m_GameObject: {fileID: 140470}
  m_LocalRotation: {x: 0.435589, y: -0.03674906, z: -0.08083051, w: 0.89575565}
  m_LocalPosition: {x: 4.6566128e-12, y: 0.0011636333, z: 2.4318522e-10}
  m_LocalScale: {x: 0.99999994, y: 1, z: 1.0000001}
  m_LocalEulerAnglesHint: {x: 50.752598, y: -12.4369, z: -16.229599}
  m_Children:
  - {fileID: 437146}
  m_Father: {fileID: 448578}
  m_RootOrder: 0
--- !u!4 &425050
Transform:
  m_ObjectHideFlags: 1
  m_PrefabParentObject: {fileID: 0}
  m_PrefabInternal: {fileID: 100100000}
  m_GameObject: {fileID: 101360}
  m_LocalRotation: {x: 0.28358236, y: 0.7060862, z: -0.47397488, w: 0.4431378}
  m_LocalPosition: {x: 0.0000000021313278, y: 0.0018609671, z: 2.8320244e-11}
  m_LocalScale: {x: 0.99999976, y: 0.9999999, z: 0.99999994}
  m_LocalEulerAnglesHint: {x: 67.0237, y: 113.8689, z: -2.8788998}
  m_Children:
  - {fileID: 494722}
  m_Father: {fileID: 412344}
  m_RootOrder: 0
--- !u!4 &425434
Transform:
  m_ObjectHideFlags: 1
  m_PrefabParentObject: {fileID: 0}
  m_PrefabInternal: {fileID: 100100000}
  m_GameObject: {fileID: 188884}
  m_LocalRotation: {x: -0.02546135, y: 0.97163576, z: -0.23255318, w: -0.03456454}
  m_LocalPosition: {x: -9.313225e-11, y: 0.006647049, z: 2.6615907e-10}
  m_LocalScale: {x: 1, y: 0.9999997, z: 0.9999999}
  m_LocalEulerAnglesHint: {x: 26.979656, y: 183.55936, z: 357.852}
  m_Children:
  - {fileID: 409618}
  m_Father: {fileID: 433532}
  m_RootOrder: 0
--- !u!4 &429158
Transform:
  m_ObjectHideFlags: 1
  m_PrefabParentObject: {fileID: 0}
  m_PrefabInternal: {fileID: 100100000}
  m_GameObject: {fileID: 119326}
  m_LocalRotation: {x: -0.7071068, y: -3.0922816e-11, z: -5.8207654e-11, w: 0.70710677}
  m_LocalPosition: {x: -0, y: 0.003799997, z: -0.0035099955}
  m_LocalScale: {x: 0.19999999, y: 0.20000003, z: 0.20000009}
  m_LocalEulerAnglesHint: {x: -90, y: 0, z: 0}
  m_Children: []
  m_Father: {fileID: 419700}
  m_RootOrder: 0
--- !u!4 &433532
Transform:
  m_ObjectHideFlags: 1
  m_PrefabParentObject: {fileID: 0}
  m_PrefabInternal: {fileID: 100100000}
  m_GameObject: {fileID: 119916}
  m_LocalRotation: {x: 0.030116742, y: 0.9985795, z: -0.043337345, w: 0.007341184}
  m_LocalPosition: {x: -1.5366822e-10, y: 0.005562998, z: 7.4505804e-11}
  m_LocalScale: {x: 0.9999999, y: 1, z: 1}
  m_LocalEulerAnglesHint: {x: 4.990683, y: 179.30687, z: 3.42478}
  m_Children:
  - {fileID: 425434}
  m_Father: {fileID: 410870}
  m_RootOrder: 0
--- !u!4 &437146
Transform:
  m_ObjectHideFlags: 1
  m_PrefabParentObject: {fileID: 0}
  m_PrefabInternal: {fileID: 100100000}
  m_GameObject: {fileID: 100264}
  m_LocalRotation: {x: 0, y: 0, z: 0, w: 1}
  m_LocalPosition: {x: -0, y: 0.0022047872, z: 0}
  m_LocalScale: {x: 1, y: 1, z: 1}
  m_LocalEulerAnglesHint: {x: 0, y: 0, z: 0}
  m_Children: []
  m_Father: {fileID: 421104}
  m_RootOrder: 0
--- !u!4 &439300
Transform:
  m_ObjectHideFlags: 1
  m_PrefabParentObject: {fileID: 0}
  m_PrefabInternal: {fileID: 100100000}
  m_GameObject: {fileID: 151268}
  m_LocalRotation: {x: -0.70358, y: 0.7035793, z: 0.07053893, w: 0.07053859}
  m_LocalPosition: {x: -0.00028, y: 0.00275, z: -0.00019}
  m_LocalScale: {x: 0.75, y: 0.75, z: 0.75}
  m_LocalEulerAnglesHint: {x: -11.450399, y: -180, z: 270}
  m_Children: []
  m_Father: {fileID: 492746}
  m_RootOrder: 1
--- !u!4 &440788
Transform:
  m_ObjectHideFlags: 1
  m_PrefabParentObject: {fileID: 0}
  m_PrefabInternal: {fileID: 100100000}
  m_GameObject: {fileID: 179560}
  m_LocalRotation: {x: -0.0065601477, y: 0.44922778, z: -0.037561774, w: 0.8926032}
  m_LocalPosition: {x: -0.000000001238659, y: 0.0047834516, z: 5.9604643e-10}
  m_LocalScale: {x: 1.0000001, y: 0.9999999, z: 1.0000001}
  m_LocalEulerAnglesHint: {x: 1.2627, y: 53.384098, z: -4.1844}
  m_Children:
  - {fileID: 455406}
  m_Father: {fileID: 474208}
  m_RootOrder: 0
--- !u!4 &448508
Transform:
  m_ObjectHideFlags: 1
  m_PrefabParentObject: {fileID: 0}
  m_PrefabInternal: {fileID: 100100000}
  m_GameObject: {fileID: 143324}
  m_LocalRotation: {x: 0, y: 0, z: 0, w: 1}
  m_LocalPosition: {x: -0, y: 0.0022047872, z: 0}
  m_LocalScale: {x: 1, y: 1, z: 1}
  m_LocalEulerAnglesHint: {x: 0, y: 0, z: 0}
  m_Children: []
  m_Father: {fileID: 409618}
  m_RootOrder: 0
--- !u!4 &448578
Transform:
  m_ObjectHideFlags: 1
  m_PrefabParentObject: {fileID: 0}
  m_PrefabInternal: {fileID: 100100000}
  m_GameObject: {fileID: 166720}
  m_LocalRotation: {x: 0.023521107, y: 0.89771366, z: -0.4351707, w: 0.06467947}
  m_LocalPosition: {x: 1.3038516e-10, y: 0.0066470485, z: -2.9637248e-10}
  m_LocalScale: {x: 0.9999999, y: 1, z: 1}
  m_LocalEulerAnglesHint: {x: 51.662148, y: 171.1734, z: 358.70078}
  m_Children:
  - {fileID: 421104}
  m_Father: {fileID: 452968}
  m_RootOrder: 0
--- !u!4 &449006
Transform:
  m_ObjectHideFlags: 1
  m_PrefabParentObject: {fileID: 0}
  m_PrefabInternal: {fileID: 100100000}
  m_GameObject: {fileID: 122932}
  m_LocalRotation: {x: 0, y: -0.70710665, z: 0, w: 0.70710695}
  m_LocalPosition: {x: -1.8, y: 4.5, z: -26.5}
  m_LocalScale: {x: 1, y: 1, z: 1}
  m_LocalEulerAnglesHint: {x: 0, y: -90, z: 0}
  m_Children:
  - {fileID: 493632}
  - {fileID: 496650}
  - {fileID: 403530}
  - {fileID: 455858}
  - {fileID: 477144}
  - {fileID: 416058}
  m_Father: {fileID: 0}
  m_RootOrder: 0
--- !u!4 &452968
Transform:
  m_ObjectHideFlags: 1
  m_PrefabParentObject: {fileID: 0}
  m_PrefabInternal: {fileID: 100100000}
  m_GameObject: {fileID: 192142}
  m_LocalRotation: {x: -0.030042853, y: 0.99944013, z: 0.013974336, w: 0.004654148}
  m_LocalPosition: {x: -1.16415315e-11, y: 0.005562997, z: -8.614734e-11}
  m_LocalScale: {x: 1, y: 1.0000001, z: 0.9999999}
  m_LocalEulerAnglesHint: {x: 358.38684, y: 179.57358, z: 356.56284}
  m_Children:
  - {fileID: 448578}
  m_Father: {fileID: 410272}
  m_RootOrder: 0
--- !u!4 &455406
Transform:
  m_ObjectHideFlags: 1
  m_PrefabParentObject: {fileID: 0}
  m_PrefabInternal: {fileID: 100100000}
  m_GameObject: {fileID: 149982}
  m_LocalRotation: {x: 0, y: 0, z: 0, w: 1}
  m_LocalPosition: {x: -0, y: 0.001802552, z: 0}
  m_LocalScale: {x: 1, y: 1, z: 1}
  m_LocalEulerAnglesHint: {x: 0, y: 0, z: 0}
  m_Children: []
  m_Father: {fileID: 440788}
  m_RootOrder: 0
--- !u!4 &455858
Transform:
  m_ObjectHideFlags: 1
  m_PrefabParentObject: {fileID: 0}
  m_PrefabInternal: {fileID: 100100000}
  m_GameObject: {fileID: 104974}
  m_LocalRotation: {x: 0, y: 0, z: 0, w: 1}
  m_LocalPosition: {x: -0, y: 2.54, z: 0.026}
  m_LocalScale: {x: 1, y: 1, z: 1}
  m_LocalEulerAnglesHint: {x: 0, y: 0, z: 0}
  m_Children: []
  m_Father: {fileID: 449006}
  m_RootOrder: 3
--- !u!4 &472336
Transform:
  m_ObjectHideFlags: 1
  m_PrefabParentObject: {fileID: 0}
  m_PrefabInternal: {fileID: 100100000}
  m_GameObject: {fileID: 170540}
  m_LocalRotation: {x: -0.6600397, y: -0.000000056716328, z: -0.00000004983161, w: 0.7512308}
  m_LocalPosition: {x: 0.0000000020183408, y: 0.00025491373, z: -0.013366868}
  m_LocalScale: {x: 1, y: 1, z: 1}
  m_LocalEulerAnglesHint: {x: 277.39413, y: -0.000008651451, z: -9.490061e-12}
  m_Children:
  - {fileID: 419700}
  - {fileID: 410870}
  - {fileID: 410272}
  m_Father: {fileID: 474382}
  m_RootOrder: 0
--- !u!4 &472480
Transform:
  m_ObjectHideFlags: 1
  m_PrefabParentObject: {fileID: 0}
  m_PrefabInternal: {fileID: 100100000}
  m_GameObject: {fileID: 162812}
  m_LocalRotation: {x: 0.06460103, y: -0.086628474, z: 0.796947, w: 0.5943044}
  m_LocalPosition: {x: -0.0010939928, y: 0.0034201469, z: -0.00062853814}
  m_LocalScale: {x: 1, y: 1, z: 0.99999994}
  m_LocalEulerAnglesHint: {x: 12.407428, y: -0.000010490318, z: 106.574265}
  m_Children:
  - {fileID: 400958}
  m_Father: {fileID: 490968}
  m_RootOrder: 1
--- !u!4 &473362
Transform:
  m_ObjectHideFlags: 1
  m_PrefabParentObject: {fileID: 0}
  m_PrefabInternal: {fileID: 100100000}
  m_GameObject: {fileID: 199056}
  m_LocalRotation: {x: 0.11803063, y: -0.0005809606, z: 0.07964171, w: 0.98981094}
  m_LocalPosition: {x: -0.00000000126136, y: 0.004783452, z: 2.7939676e-10}
  m_LocalScale: {x: 1, y: 0.99999994, z: 1}
  m_LocalEulerAnglesHint: {x: 13.5178995, y: 1.0402, z: 9.3237}
  m_Children:
  - {fileID: 492746}
  m_Father: {fileID: 494722}
  m_RootOrder: 0
--- !u!4 &474208
Transform:
  m_ObjectHideFlags: 1
  m_PrefabParentObject: {fileID: 0}
  m_PrefabInternal: {fileID: 100100000}
  m_GameObject: {fileID: 137096}
  m_LocalRotation: {x: -0.06462179, y: -0.029270805, z: 0.066679955, w: 0.9952492}
  m_LocalPosition: {x: -1.4901161e-10, y: 0.004577195, z: 7.4505804e-11}
  m_LocalScale: {x: 1, y: 1.0000001, z: 1}
  m_LocalEulerAnglesHint: {x: 2.3245332, y: 349.47272, z: 40.36009}
  m_Children:
  - {fileID: 440788}
  m_Father: {fileID: 400958}
  m_RootOrder: 0
--- !u!4 &474382
Transform:
  m_ObjectHideFlags: 1
  m_PrefabParentObject: {fileID: 0}
  m_PrefabInternal: {fileID: 100100000}
  m_GameObject: {fileID: 115542}
  m_LocalRotation: {x: 1, y: -4.622913e-24, z: 0.0000000754979, w: 6.123234e-17}
  m_LocalPosition: {x: 0, y: 0, z: 0}
  m_LocalScale: {x: 1, y: 1, z: 1}
  m_LocalEulerAnglesHint: {x: 0, y: -180, z: -180}
  m_Children:
  - {fileID: 472336}
  m_Father: {fileID: 496650}
  m_RootOrder: 0
--- !u!4 &477144
Transform:
  m_ObjectHideFlags: 1
  m_PrefabParentObject: {fileID: 0}
  m_PrefabInternal: {fileID: 100100000}
  m_GameObject: {fileID: 142020}
  m_LocalRotation: {x: 0, y: 0, z: 0, w: 1}
  m_LocalPosition: {x: -0, y: 1.19, z: 0.054}
  m_LocalScale: {x: 1, y: 1, z: 1}
  m_LocalEulerAnglesHint: {x: 0, y: 0, z: 0}
  m_Children: []
  m_Father: {fileID: 449006}
  m_RootOrder: 4
--- !u!4 &489116
Transform:
  m_ObjectHideFlags: 1
  m_PrefabParentObject: {fileID: 0}
  m_PrefabInternal: {fileID: 100100000}
  m_GameObject: {fileID: 155764}
  m_LocalRotation: {x: 0, y: 0, z: 0, w: 1}
  m_LocalPosition: {x: -0, y: 0.0073559885, z: 0}
  m_LocalScale: {x: 1, y: 1, z: 1}
  m_LocalEulerAnglesHint: {x: 0, y: 0, z: 0}
  m_Children: []
  m_Father: {fileID: 492746}
  m_RootOrder: 0
--- !u!4 &490968
Transform:
  m_ObjectHideFlags: 1
  m_PrefabParentObject: {fileID: 0}
  m_PrefabInternal: {fileID: 100100000}
  m_GameObject: {fileID: 147994}
  m_LocalRotation: {x: -0.13618901, y: 0.00000011809864, z: 0.000000016235003, w: 0.9906829}
  m_LocalPosition: {x: -1.8557451e-17, y: 0.0032727867, z: 3.7252902e-11}
  m_LocalScale: {x: 1, y: 1, z: 1}
  m_LocalEulerAnglesHint: {x: 344.34518, y: 0, z: 0}
  m_Children:
  - {fileID: 412218}
  - {fileID: 472480}
  - {fileID: 412344}
  m_Father: {fileID: 419700}
  m_RootOrder: 1
--- !u!4 &492746
Transform:
  m_ObjectHideFlags: 1
  m_PrefabParentObject: {fileID: 0}
  m_PrefabInternal: {fileID: 100100000}
  m_GameObject: {fileID: 193884}
  m_LocalRotation: {x: -0.0435362, y: 0.71086615, z: -0.076142885, w: 0.69783676}
  m_LocalPosition: {x: 7.357448e-10, y: 0.0018025523, z: 4.703179e-10}
  m_LocalScale: {x: 1.0000001, y: 1.0000004, z: 1.0000001}
  m_LocalEulerAnglesHint: {x: 2.7221, y: 90.828995, z: -9.6924}
  m_Children:
  - {fileID: 489116}
  - {fileID: 439300}
  m_Father: {fileID: 473362}
  m_RootOrder: 0
--- !u!4 &493632
Transform:
  m_ObjectHideFlags: 1
  m_PrefabParentObject: {fileID: 0}
  m_PrefabInternal: {fileID: 100100000}
  m_GameObject: {fileID: 142396}
  m_LocalRotation: {x: 0, y: 0, z: 0, w: 1}
  m_LocalPosition: {x: -0.055, y: 1.747, z: 1.209}
  m_LocalScale: {x: 0, y: 0, z: 0}
  m_LocalEulerAnglesHint: {x: 0, y: 0, z: 0}
  m_Children: []
  m_Father: {fileID: 449006}
  m_RootOrder: 0
--- !u!4 &494722
Transform:
  m_ObjectHideFlags: 1
  m_PrefabParentObject: {fileID: 0}
  m_PrefabInternal: {fileID: 100100000}
  m_GameObject: {fileID: 135404}
  m_LocalRotation: {x: 0.05795067, y: 0.010422822, z: 0.832713, w: 0.5505653}
  m_LocalPosition: {x: 3.352761e-10, y: 0.0045771934, z: -4.842877e-10}
  m_LocalScale: {x: 1, y: 1, z: 1.0000001}
  m_LocalEulerAnglesHint: {x: 359.27188, y: 4.0775065, z: 129.84499}
  m_Children:
  - {fileID: 473362}
  m_Father: {fileID: 425050}
  m_RootOrder: 0
--- !u!4 &496650
Transform:
  m_ObjectHideFlags: 1
  m_PrefabParentObject: {fileID: 0}
  m_PrefabInternal: {fileID: 100100000}
  m_GameObject: {fileID: 166248}
  m_LocalRotation: {x: -0.7071068, y: 0, z: -0, w: 0.7071067}
  m_LocalPosition: {x: 0, y: 0, z: 0}
  m_LocalScale: {x: 100, y: 100.00001, z: 100.00001}
  m_LocalEulerAnglesHint: {x: -89.980194, y: 0, z: 0}
  m_Children:
  - {fileID: 474382}
  m_Father: {fileID: 449006}
  m_RootOrder: 1
--- !u!23 &2319324
MeshRenderer:
  m_ObjectHideFlags: 1
  m_PrefabParentObject: {fileID: 0}
  m_PrefabInternal: {fileID: 100100000}
  m_GameObject: {fileID: 151268}
  m_Enabled: 1
  m_CastShadows: 1
  m_ReceiveShadows: 1
  m_Materials:
  - {fileID: 2100000, guid: 9c67b664d2f1798449cd64522d0e7fd2, type: 2}
  m_SubsetIndices: 
  m_StaticBatchRoot: {fileID: 0}
  m_UseLightProbes: 1
  m_ReflectionProbeUsage: 1
  m_ProbeAnchor: {fileID: 0}
  m_ScaleInLightmap: 1
  m_PreserveUVs: 0
  m_IgnoreNormalsForChartDetection: 0
  m_ImportantGI: 0
  m_MinimumChartSize: 4
  m_AutoUVMaxDistance: 0.5
  m_AutoUVMaxAngle: 89
  m_LightmapParameters: {fileID: 0}
  m_SortingLayerID: 0
  m_SortingOrder: 0
--- !u!23 &2338100
MeshRenderer:
  m_ObjectHideFlags: 1
  m_PrefabParentObject: {fileID: 0}
  m_PrefabInternal: {fileID: 100100000}
  m_GameObject: {fileID: 136272}
  m_Enabled: 1
  m_CastShadows: 1
  m_ReceiveShadows: 1
  m_Materials:
  - {fileID: 2100000, guid: 633ebe7b54c0c2049b47b6cdfde8f6b2, type: 2}
  - {fileID: 2100000, guid: f206fbe075e747849ac24d1ce69bba1d, type: 2}
  m_SubsetIndices: 
  m_StaticBatchRoot: {fileID: 0}
  m_UseLightProbes: 1
  m_ReflectionProbeUsage: 1
  m_ProbeAnchor: {fileID: 0}
  m_ScaleInLightmap: 1
  m_PreserveUVs: 0
  m_IgnoreNormalsForChartDetection: 0
  m_ImportantGI: 0
  m_MinimumChartSize: 4
  m_AutoUVMaxDistance: 0.5
  m_AutoUVMaxAngle: 89
  m_LightmapParameters: {fileID: 0}
  m_SortingLayerID: 0
  m_SortingOrder: 0
--- !u!23 &2347556
MeshRenderer:
  m_ObjectHideFlags: 1
  m_PrefabParentObject: {fileID: 0}
  m_PrefabInternal: {fileID: 100100000}
  m_GameObject: {fileID: 119326}
  m_Enabled: 1
  m_CastShadows: 1
  m_ReceiveShadows: 1
  m_Materials:
  - {fileID: 2100000, guid: 46ceebe37fb7cda4c9eb047e43828d04, type: 2}
  m_SubsetIndices: 
  m_StaticBatchRoot: {fileID: 0}
  m_UseLightProbes: 1
  m_ReflectionProbeUsage: 1
  m_ProbeAnchor: {fileID: 0}
  m_ScaleInLightmap: 1
  m_PreserveUVs: 0
  m_IgnoreNormalsForChartDetection: 0
  m_ImportantGI: 0
  m_MinimumChartSize: 4
  m_AutoUVMaxDistance: 0.5
  m_AutoUVMaxAngle: 89
  m_LightmapParameters: {fileID: 0}
  m_SortingLayerID: 0
  m_SortingOrder: 0
--- !u!33 &3306250
MeshFilter:
  m_ObjectHideFlags: 1
  m_PrefabParentObject: {fileID: 0}
  m_PrefabInternal: {fileID: 100100000}
  m_GameObject: {fileID: 151268}
  m_Mesh: {fileID: 4300000, guid: 497c4f7ad522ac8488211d7a4110d041, type: 3}
--- !u!33 &3374648
MeshFilter:
  m_ObjectHideFlags: 1
  m_PrefabParentObject: {fileID: 0}
  m_PrefabInternal: {fileID: 100100000}
  m_GameObject: {fileID: 136272}
  m_Mesh: {fileID: 4300000, guid: fd62e33298e2aba4f85d9b49c90167a6, type: 3}
--- !u!33 &3390336
MeshFilter:
  m_ObjectHideFlags: 1
  m_PrefabParentObject: {fileID: 0}
  m_PrefabInternal: {fileID: 100100000}
  m_GameObject: {fileID: 119326}
  m_Mesh: {fileID: 4300000, guid: 5e2ccdf43d80d024bafa068a5b2b9d19, type: 3}
--- !u!65 &6502888
BoxCollider:
  m_ObjectHideFlags: 1
  m_PrefabParentObject: {fileID: 0}
  m_PrefabInternal: {fileID: 100100000}
  m_GameObject: {fileID: 104974}
  m_Material: {fileID: 0}
  m_IsTrigger: 1
  m_Enabled: 1
  serializedVersion: 2
  m_Size: {x: 0.2, y: 0.4, z: 0.25}
  m_Center: {x: 0, y: 0, z: 0}
--- !u!65 &6517042
BoxCollider:
  m_ObjectHideFlags: 1
  m_PrefabParentObject: {fileID: 0}
  m_PrefabInternal: {fileID: 100100000}
  m_GameObject: {fileID: 142020}
  m_Material: {fileID: 0}
  m_IsTrigger: 1
  m_Enabled: 1
  serializedVersion: 2
  m_Size: {x: 0.5, y: 2.2, z: 0.4}
  m_Center: {x: 0, y: 0, z: 0}
--- !u!82 &8226654
AudioSource:
  m_ObjectHideFlags: 1
  m_PrefabParentObject: {fileID: 0}
  m_PrefabInternal: {fileID: 100100000}
  m_GameObject: {fileID: 122932}
  m_Enabled: 1
  serializedVersion: 4
  OutputAudioMixerGroup: {fileID: 24322714, guid: 3b5546a74d1bee147911d1a3812e19a7,
    type: 2}
  m_audioClip: {fileID: 0}
  m_PlayOnAwake: 0
  m_Volume: 1
  m_Pitch: 1
  Loop: 0
  Mute: 0
  Spatialize: 0
  Priority: 128
  DopplerLevel: 1
  MinDistance: 5
  MaxDistance: 50
  Pan2D: 0
  rolloffMode: 0
  BypassEffects: 0
  BypassListenerEffects: 0
  BypassReverbZones: 0
  rolloffCustomCurve:
    serializedVersion: 2
    m_Curve:
    - time: 0
      value: 1
      inSlope: 0
      outSlope: 0
      tangentMode: 0
    - time: 1
      value: 0
      inSlope: 0
      outSlope: 0
      tangentMode: 0
    m_PreInfinity: 2
    m_PostInfinity: 2
    m_RotationOrder: 4
  panLevelCustomCurve:
    serializedVersion: 2
    m_Curve:
    - time: 0
      value: 1
      inSlope: 0
      outSlope: 0
      tangentMode: 0
    m_PreInfinity: 2
    m_PostInfinity: 2
    m_RotationOrder: 0
  spreadCustomCurve:
    serializedVersion: 2
    m_Curve:
    - time: 0
      value: 0
      inSlope: 0
      outSlope: 0
      tangentMode: 0
    m_PreInfinity: 2
    m_PostInfinity: 2
    m_RotationOrder: 0
  reverbZoneMixCustomCurve:
    serializedVersion: 2
    m_Curve:
    - time: 0
      value: 1
      inSlope: 0
      outSlope: 0
      tangentMode: 0
    m_PreInfinity: 2
    m_PostInfinity: 2
    m_RotationOrder: 0
--- !u!82 &8233636
AudioSource:
  m_ObjectHideFlags: 1
  m_PrefabParentObject: {fileID: 0}
  m_PrefabInternal: {fileID: 100100000}
  m_GameObject: {fileID: 122932}
  m_Enabled: 1
  serializedVersion: 4
  OutputAudioMixerGroup: {fileID: 24376512, guid: 3b5546a74d1bee147911d1a3812e19a7,
    type: 2}
  m_audioClip: {fileID: 0}
  m_PlayOnAwake: 0
  m_Volume: 1
  m_Pitch: 1
  Loop: 0
  Mute: 0
  Spatialize: 0
  Priority: 128
  DopplerLevel: 1
  MinDistance: 7
  MaxDistance: 50
  Pan2D: 0
  rolloffMode: 0
  BypassEffects: 0
  BypassListenerEffects: 0
  BypassReverbZones: 0
  rolloffCustomCurve:
    serializedVersion: 2
    m_Curve:
    - time: 0
      value: 1
      inSlope: 0
      outSlope: 0
      tangentMode: 0
    - time: 1
      value: 0
      inSlope: 0
      outSlope: 0
      tangentMode: 0
    m_PreInfinity: 2
    m_PostInfinity: 2
    m_RotationOrder: 4
  panLevelCustomCurve:
    serializedVersion: 2
    m_Curve:
    - time: 0
      value: 1
      inSlope: 0
      outSlope: 0
      tangentMode: 0
    m_PreInfinity: 2
    m_PostInfinity: 2
    m_RotationOrder: 0
  spreadCustomCurve:
    serializedVersion: 2
    m_Curve:
    - time: 0
      value: 0
      inSlope: 0
      outSlope: 0
      tangentMode: 0
    m_PreInfinity: 2
    m_PostInfinity: 2
    m_RotationOrder: 0
  reverbZoneMixCustomCurve:
    serializedVersion: 2
    m_Curve:
    - time: 0
      value: 1
      inSlope: 0
      outSlope: 0
      tangentMode: 0
    m_PreInfinity: 2
    m_PostInfinity: 2
    m_RotationOrder: 0
--- !u!95 &9572014
Animator:
  serializedVersion: 3
  m_ObjectHideFlags: 1
  m_PrefabParentObject: {fileID: 0}
  m_PrefabInternal: {fileID: 100100000}
  m_GameObject: {fileID: 122932}
  m_Enabled: 1
  m_Avatar: {fileID: 9000000, guid: 148dded67c7d0eb4c971d056c106887b, type: 3}
  m_Controller: {fileID: 9100000, guid: 856c763409c08c346b8163c5ffd797e7, type: 2}
  m_CullingMode: 1
  m_UpdateMode: 0
  m_ApplyRootMotion: 0
  m_LinearVelocityBlending: 0
  m_WarningMessage: 
  m_HasTransformHierarchy: 1
  m_AllowConstantClipSamplingOptimization: 1
--- !u!114 &11404372
MonoBehaviour:
  m_ObjectHideFlags: 1
  m_PrefabParentObject: {fileID: 0}
  m_PrefabInternal: {fileID: 100100000}
  m_GameObject: {fileID: 122932}
  m_Enabled: 1
  m_EditorHideFlags: 0
  m_Script: {fileID: 11500000, guid: 25d60520d41044a40ba7075a1a5c0221, type: 3}
  m_Name: 
  m_EditorClassIdentifier: 
  audioSource: {fileID: 8226654}
  pitchRange: {x: 1, y: 1.25}
  reloading:
  - {fileID: 8300000, guid: 5f01419b35cf0cc4aae7873116c430de, type: 3}
  takingFire:
  - {fileID: 8300000, guid: 77b42ed06f09f374aa8727aad8e6e081, type: 3}
  - {fileID: 8300000, guid: 94c3edd59ffc4864a87016f0582afd90, type: 3}
  - {fileID: 8300000, guid: 8dd33898a712e894d8d12cc27d4c2dc0, type: 3}
  - {fileID: 8300000, guid: 077ea2eecadf6a04a95b22f035f26440, type: 3}
  - {fileID: 8300000, guid: 61610a3ce1dd86e41bd43f4297dd9b68, type: 3}
  - {fileID: 8300000, guid: 055d634ac5cea7b45aca9e3b4ac7eb34, type: 3}
--- !u!114 &11407468
MonoBehaviour:
  m_ObjectHideFlags: 1
  m_PrefabParentObject: {fileID: 0}
  m_PrefabInternal: {fileID: 100100000}
  m_GameObject: {fileID: 142020}
  m_Enabled: 1
  m_EditorHideFlags: 0
  m_Script: {fileID: 11500000, guid: 6d6a604eeb153984f8f00f3b7478b297, type: 3}
  m_Name: 
  m_EditorClassIdentifier: 
  damageMultyplier: 1
  particle: {fileID: 159162, guid: c8ffd3b1baa12fb44bab0719626c9901, type: 2}
--- !u!114 &11422724
MonoBehaviour:
  m_ObjectHideFlags: 1
  m_PrefabParentObject: {fileID: 0}
  m_PrefabInternal: {fileID: 100100000}
  m_GameObject: {fileID: 122932}
  m_Enabled: 1
  m_EditorHideFlags: 0
  m_Script: {fileID: 11500000, guid: 1afb6a2d7f60f7d42968fb427028f87b, type: 3}
  m_Name: 
  m_EditorClassIdentifier: 
  maxHealth: 75
  currentHealth: 75
  deathType: 0
  ragdoll: {fileID: 198076, guid: e081afdcce5c1bf42aba54c11f8755e7, type: 2}
  gun: {fileID: 198580, guid: 89e5c325adf2d1a46aa84a5151451e9c, type: 2}
  ammoBox: {fileID: 178870, guid: 2a3ef4efc36ecbe4390d7aacd08dc7e9, type: 2}
  chance: 0.5
  brokenGlass: {fileID: 0}
  materialIndex: 0
  material: {fileID: 0}
  healthText: {fileID: 0}
--- !u!114 &11447800
MonoBehaviour:
  m_ObjectHideFlags: 1
  m_PrefabParentObject: {fileID: 0}
  m_PrefabInternal: {fileID: 100100000}
  m_GameObject: {fileID: 122932}
  m_Enabled: 1
  m_EditorHideFlags: 0
  m_Script: {fileID: 11500000, guid: 087ccac2fe6e399448955e233903038c, type: 3}
  m_Name: 
  m_EditorClassIdentifier: 
--- !u!114 &11454678
MonoBehaviour:
  m_ObjectHideFlags: 1
  m_PrefabParentObject: {fileID: 0}
  m_PrefabInternal: {fileID: 100100000}
  m_GameObject: {fileID: 104974}
  m_Enabled: 1
  m_EditorHideFlags: 0
  m_Script: {fileID: 11500000, guid: 6d6a604eeb153984f8f00f3b7478b297, type: 3}
  m_Name: 
  m_EditorClassIdentifier: 
  damageMultyplier: 2
  particle: {fileID: 159162, guid: c8ffd3b1baa12fb44bab0719626c9901, type: 2}
--- !u!114 &11483156
MonoBehaviour:
  m_ObjectHideFlags: 1
  m_PrefabParentObject: {fileID: 0}
  m_PrefabInternal: {fileID: 100100000}
  m_GameObject: {fileID: 122932}
  m_Enabled: 1
  m_EditorHideFlags: 0
  m_Script: {fileID: 11500000, guid: 2106fffc941a7104abb3f53a9ca01eb2, type: 3}
  m_Name: 
  m_EditorClassIdentifier: 
  isFriend: 0
  fov: 110
  viewDistance: 50
  eyes: {fileID: 490968}
  layermask:
    serializedVersion: 2
    m_Bits: 4293018057
  idleTimerBounds: {x: 0, y: 0}
  rotateTimerBounds: {x: 0.5, y: 2}
  searchTimerBounds: {x: 15, y: 35}
  coveringTimerBunds: {x: 1, y: 5}
  patrolSpeed: 5
  coveringSpeed: 7
  searchingSpeed: 5
  projectileOrigin: {fileID: 493632}
  effectType: 2
  maxAmmo: 30
  shotDelay: 0.1
  reloadTime: 5
  spread: 0.02
  accuracy: 0.1
  numberOfPellets: 0
  distance: 45
  minDamage: 4
  maxDamage: 6
  shotLayermask:
    serializedVersion: 2
    m_Bits: 4293050825
  gunAudioSource: {fileID: 8233636}
  shootClip: {fileID: 8300000, guid: 80bb301810e18d140a3c3718c7fa6458, type: 3}
  reloadClip: {fileID: 8300000, guid: 527f30f570f86ce4ba778b192c937915, type: 3}
  shootPitchRange: {x: 0.75, y: 1.25}
--- !u!136 &13694612
CapsuleCollider:
  m_ObjectHideFlags: 1
  m_PrefabParentObject: {fileID: 0}
  m_PrefabInternal: {fileID: 100100000}
  m_GameObject: {fileID: 181364}
  m_Material: {fileID: 0}
  m_IsTrigger: 0
  m_Enabled: 1
  m_Radius: 0.5
  m_Height: 3
  m_Direction: 1
  m_Center: {x: 0, y: 1.5, z: 0}
--- !u!137 &13742802
SkinnedMeshRenderer:
  m_ObjectHideFlags: 1
  m_PrefabParentObject: {fileID: 0}
  m_PrefabInternal: {fileID: 100100000}
  m_GameObject: {fileID: 141882}
  m_Enabled: 1
  m_CastShadows: 1
  m_ReceiveShadows: 1
  m_Materials:
  - {fileID: 2100000, guid: 142b0da5386d94f49be24acc81481d7b, type: 2}
  m_SubsetIndices: 
  m_StaticBatchRoot: {fileID: 0}
  m_UseLightProbes: 1
  m_ReflectionProbeUsage: 1
  m_ProbeAnchor: {fileID: 0}
  m_ScaleInLightmap: 1
  m_PreserveUVs: 0
  m_IgnoreNormalsForChartDetection: 0
  m_ImportantGI: 0
  m_MinimumChartSize: 4
  m_AutoUVMaxDistance: 0.5
  m_AutoUVMaxAngle: 89
  m_LightmapParameters: {fileID: 0}
  m_SortingLayerID: 0
  m_SortingOrder: 0
  serializedVersion: 2
  m_Quality: 0
  m_UpdateWhenOffscreen: 0
  m_Mesh: {fileID: 4300000, guid: 148dded67c7d0eb4c971d056c106887b, type: 3}
  m_Bones:
  - {fileID: 474382}
  - {fileID: 472336}
  - {fileID: 419700}
  - {fileID: 490968}
  - {fileID: 412218}
  - {fileID: 415606}
  - {fileID: 472480}
  - {fileID: 400958}
  - {fileID: 474208}
  - {fileID: 440788}
  - {fileID: 412344}
  - {fileID: 425050}
  - {fileID: 494722}
  - {fileID: 473362}
  - {fileID: 492746}
  - {fileID: 410870}
  - {fileID: 433532}
  - {fileID: 425434}
  - {fileID: 409618}
  - {fileID: 410272}
  - {fileID: 452968}
  - {fileID: 448578}
  - {fileID: 421104}
  m_BlendShapeWeights: []
  m_RootBone: {fileID: 474382}
  m_AABB:
    m_Center: {x: 0.000008492731, y: 0.002435736, z: -0.013012736}
    m_Extent: {x: 0.004756969, y: 0.007012227, z: 0.014346329}
  m_DirtyAABB: 0
--- !u!195 &19538534
NavMeshAgent:
  m_ObjectHideFlags: 1
  m_PrefabParentObject: {fileID: 0}
  m_PrefabInternal: {fileID: 100100000}
  m_GameObject: {fileID: 122932}
  m_Enabled: 1
  m_Radius: 0.5
  m_Speed: 2
  m_Acceleration: 8
  avoidancePriority: 50
  m_AngularSpeed: 120
  m_StoppingDistance: 0
  m_AutoTraverseOffMeshLink: 1
  m_AutoBraking: 1
  m_AutoRepath: 1
  m_Height: 3
  m_BaseOffset: 0
  m_WalkableMask: 4294967295
  m_ObstacleAvoidanceType: 4
--- !u!1001 &100100000
Prefab:
  m_ObjectHideFlags: 1
  serializedVersion: 2
  m_Modification:
    m_TransformParent: {fileID: 0}
    m_Modifications: []
    m_RemovedComponents: []
  m_ParentPrefab: {fileID: 0}
  m_RootGameObject: {fileID: 122932}
  m_IsPrefabParent: 1
