%YAML 1.1
%TAG !u! tag:unity3d.com,2011:
--- !u!241 &24100000
AudioMixerController:
  m_ObjectHideFlags: 0
  m_PrefabParentObject: {fileID: 0}
  m_PrefabInternal: {fileID: 0}
  m_Name: Master
  m_OutputGroup: {fileID: 0}
  m_MasterGroup: {fileID: 24300001}
  m_Snapshots:
  - {fileID: 24500003}
  m_StartSnapshot: {fileID: 24500003}
  m_SuspendThreshold: -80
  m_EnableSuspend: 1
  m_ExposedParameters:
  - guid: bd7e0c909f21ad04fb0d1cbca39a4a31
    name: pitch
  m_AudioMixerGroupViews:
  - guids:
    - c94a8d57184729c459f9645518a4b6a7
    - 7a0a531317573f049b5f8a909a8fb8c1
    - a07d4440ec5c20d44a76011cb2aed12f
    - 7792f35274f789145aefa3ce75bf60d0
    - d94519dc8d269c14990b5e325fe2514e
    - 2d67b4ed91ec41646849de4062669767
    - 142013ba741ee144cb079c04fb8cb7d9
    name: View
  m_CurrentViewIndex: 0
  m_TargetSnapshot: {fileID: 24500003}
--- !u!243 &24300001
AudioMixerGroupController:
  m_ObjectHideFlags: 0
  m_PrefabParentObject: {fileID: 0}
  m_PrefabInternal: {fileID: 0}
  m_Name: Master
  m_AudioMixer: {fileID: 24100000}
  m_GroupID: c94a8d57184729c459f9645518a4b6a7
  m_Children:
  - {fileID: 24349786}
  - {fileID: 24322714}
  - {fileID: 24376512}
  - {fileID: 24336434}
  - {fileID: 24358358}
  - {fileID: 24374730}
  m_Volume: 9a4cbc7f3c60c7642b08bcfc0022120b
  m_Pitch: bd7e0c909f21ad04fb0d1cbca39a4a31
  m_Effects:
  - {fileID: 24400002}
  m_UserColorIndex: 8
  m_Mute: 0
  m_Solo: 0
  m_BypassEffects: 0
--- !u!243 &24322714
AudioMixerGroupController:
  m_ObjectHideFlags: 0
  m_PrefabParentObject: {fileID: 0}
  m_PrefabInternal: {fileID: 0}
  m_Name: Voice
  m_AudioMixer: {fileID: 24100000}
  m_GroupID: a07d4440ec5c20d44a76011cb2aed12f
  m_Children: []
  m_Volume: 2b8a2f9385add8444a71ed9ea85b8279
  m_Pitch: cf55cdaa249c6ee4a9dd32991efec87f
  m_Effects:
  - {fileID: 24449414}
  m_UserColorIndex: 0
  m_Mute: 0
  m_Solo: 0
  m_BypassEffects: 0
--- !u!243 &24336434
AudioMixerGroupController:
  m_ObjectHideFlags: 0
  m_PrefabParentObject: {fileID: 0}
  m_PrefabInternal: {fileID: 0}
  m_Name: Effects
  m_AudioMixer: {fileID: 24100000}
  m_GroupID: d94519dc8d269c14990b5e325fe2514e
  m_Children: []
  m_Volume: 0d163a91b6ff9e24ea9dc2b3a7e863b5
  m_Pitch: 88d57495c9527a141a9b6b9b9528b6f8
  m_Effects:
  - {fileID: 24496884}
  m_UserColorIndex: 0
  m_Mute: 0
  m_Solo: 0
  m_BypassEffects: 0
--- !u!243 &24349786
AudioMixerGroupController:
  m_ObjectHideFlags: 0
  m_PrefabParentObject: {fileID: 0}
  m_PrefabInternal: {fileID: 0}
  m_Name: Ambience
  m_AudioMixer: {fileID: 24100000}
  m_GroupID: 7a0a531317573f049b5f8a909a8fb8c1
  m_Children: []
  m_Volume: 86c946cd32c3b894886fbd6f7b5237fc
  m_Pitch: ee2b6b10f24c2ab4a81e77b62a86a1f7
  m_Effects:
  - {fileID: 24446906}
  m_UserColorIndex: 0
  m_Mute: 0
  m_Solo: 0
  m_BypassEffects: 0
--- !u!243 &24358358
AudioMixerGroupController:
  m_ObjectHideFlags: 0
  m_PrefabParentObject: {fileID: 0}
  m_PrefabInternal: {fileID: 0}
  m_Name: Radio
  m_AudioMixer: {fileID: 24100000}
  m_GroupID: 2d67b4ed91ec41646849de4062669767
  m_Children: []
  m_Volume: 38c1476f83cc39b4a8882a5af90f45b9
  m_Pitch: 809d41357c5821b4bb92a4fb9adb81e8
  m_Effects:
  - {fileID: 24421778}
  m_UserColorIndex: 0
  m_Mute: 0
  m_Solo: 0
  m_BypassEffects: 0
--- !u!243 &24374730
AudioMixerGroupController:
  m_ObjectHideFlags: 0
  m_PrefabParentObject: {fileID: 0}
  m_PrefabInternal: {fileID: 0}
  m_Name: Music
  m_AudioMixer: {fileID: 24100000}
  m_GroupID: 142013ba741ee144cb079c04fb8cb7d9
  m_Children: []
  m_Volume: 820b0feaecdb63543ad75ee1f5ee2cd6
  m_Pitch: d8f305aeaeab8bf4480c953eb452a783
  m_Effects:
  - {fileID: 24431432}
  m_UserColorIndex: 0
  m_Mute: 0
  m_Solo: 0
  m_BypassEffects: 0
--- !u!243 &24376512
AudioMixerGroupController:
  m_ObjectHideFlags: 0
  m_PrefabParentObject: {fileID: 0}
  m_PrefabInternal: {fileID: 0}
  m_Name: Guns
  m_AudioMixer: {fileID: 24100000}
  m_GroupID: 7792f35274f789145aefa3ce75bf60d0
  m_Children: []
  m_Volume: bc1670f216837f740b5dc85eaf6efcbd
  m_Pitch: 994287d16d3839e4a8af0f1222b4f92d
  m_Effects:
  - {fileID: 24410252}
  m_UserColorIndex: 0
  m_Mute: 0
  m_Solo: 0
  m_BypassEffects: 0
--- !u!244 &24400002
AudioMixerEffectController:
  m_ObjectHideFlags: 3
  m_PrefabParentObject: {fileID: 0}
  m_PrefabInternal: {fileID: 0}
  m_Name: 
  m_EffectID: 1750b093a8c001a43873245aea7dbe61
  m_EffectName: Attenuation
  m_MixLevel: e1b910a88616f0a4bbb4baf73899c125
  m_Parameters: []
  m_SendTarget: {fileID: 0}
  m_EnableWetMix: 0
  m_Bypass: 0
--- !u!244 &24410252
AudioMixerEffectController:
  m_ObjectHideFlags: 3
  m_PrefabParentObject: {fileID: 0}
  m_PrefabInternal: {fileID: 0}
  m_Name: 
  m_EffectID: f15c82370539ca246bd68e879c533a18
  m_EffectName: Attenuation
  m_MixLevel: 9cb7c353bb59dbc49bb87e2f1ee29c2c
  m_Parameters: []
  m_SendTarget: {fileID: 0}
  m_EnableWetMix: 0
  m_Bypass: 0
--- !u!244 &24421778
AudioMixerEffectController:
  m_ObjectHideFlags: 3
  m_PrefabParentObject: {fileID: 0}
  m_PrefabInternal: {fileID: 0}
  m_Name: 
  m_EffectID: 4294ea4d048fe5e42a70fbccf6ee09ae
  m_EffectName: Attenuation
  m_MixLevel: 68eeae938dc657a42a201cb7e50278a3
  m_Parameters: []
  m_SendTarget: {fileID: 0}
  m_EnableWetMix: 0
  m_Bypass: 0
--- !u!244 &24431432
AudioMixerEffectController:
  m_ObjectHideFlags: 3
  m_PrefabParentObject: {fileID: 0}
  m_PrefabInternal: {fileID: 0}
  m_Name: 
  m_EffectID: 6e4112cf72201fe4b992a2bb23bde358
  m_EffectName: Attenuation
  m_MixLevel: 7c3b975ddc742d44b80af0e58e7bf538
  m_Parameters: []
  m_SendTarget: {fileID: 0}
  m_EnableWetMix: 0
  m_Bypass: 0
--- !u!244 &24446906
AudioMixerEffectController:
  m_ObjectHideFlags: 3
  m_PrefabParentObject: {fileID: 0}
  m_PrefabInternal: {fileID: 0}
  m_Name: 
  m_EffectID: e99f8c241bf1ccb4894c867fccf1dbf9
  m_EffectName: Attenuation
  m_MixLevel: f77f71ba679ca5344a002a4f53a7799b
  m_Parameters: []
  m_SendTarget: {fileID: 0}
  m_EnableWetMix: 0
  m_Bypass: 0
--- !u!244 &24449414
AudioMixerEffectController:
  m_ObjectHideFlags: 3
  m_PrefabParentObject: {fileID: 0}
  m_PrefabInternal: {fileID: 0}
  m_Name: 
  m_EffectID: 99e4d7d1b15227a41a6f35ec7c2ab6e5
  m_EffectName: Attenuation
  m_MixLevel: cb09ec10d281a044f86e1844c2b55168
  m_Parameters: []
  m_SendTarget: {fileID: 0}
  m_EnableWetMix: 0
  m_Bypass: 0
--- !u!244 &24496884
AudioMixerEffectController:
  m_ObjectHideFlags: 3
  m_PrefabParentObject: {fileID: 0}
  m_PrefabInternal: {fileID: 0}
  m_Name: 
  m_EffectID: a6a38187c3a8f4a4c87ddbe68c9b4c11
  m_EffectName: Attenuation
  m_MixLevel: 54f2fc7f694b98f41b1acabb2aecfc54
  m_Parameters: []
  m_SendTarget: {fileID: 0}
  m_EnableWetMix: 0
  m_Bypass: 0
--- !u!245 &24500003
AudioMixerSnapshotController:
  m_ObjectHideFlags: 0
  m_PrefabParentObject: {fileID: 0}
  m_PrefabInternal: {fileID: 0}
  m_Name: Snapshot
  m_AudioMixer: {fileID: 24100000}
  m_SnapshotID: 815b984b521e30b4cae1b4a9be641eb2
  m_FloatValues:
    c64ce661ec60b2a46bef463ae4fc7c97: 2.41
    bc1670f216837f740b5dc85eaf6efcbd: -10.345207
    b107eec5a9036264fbf772c2e4d58624: 0.6700002
    ce2dba1a757d4cc479ea9f747751ee6b: 2270.386
    820b0feaecdb63543ad75ee1f5ee2cd6: -10.345207
    86c946cd32c3b894886fbd6f7b5237fc: 0.025578514
    38c1476f83cc39b4a8882a5af90f45b9: -9.960263
    9a4cbc7f3c60c7642b08bcfc0022120b: 0.13552584
  m_TransitionOverrides: {}
